@inbook{referencia,
author = "Augusto salazar",
title = "Taller - Nociones b√°sicas de la memoria del computador",
publisheer = "",
year = "2019",
chapter = "",
keywords = ""


}



